@article{Basnayake2019,
  doi = {10.1371/journal.pbio.2006202},
  url = {https://doi.org/10.1371/journal.pbio.2006202},
  year = {2019},
  month = jun,
  publisher = {Public Library of Science ({PLoS})},
  volume = {17},
  number = {6},
  pages = {e2006202},
  author = {Kanishka Basnayake and David Mazaud and Alexis Bemelmans and Nathalie Rouach and Eduard Korkotian and David Holcman},
  editor = {Franck Polleux},
  title = {Fast calcium transients in dendritic spines driven by extreme statistics},
  journal = {{PLOS} Biology}
}
@article{Bell2019,
  doi = {10.1085/jgp.201812261},
  url = {https://doi.org/10.1085/jgp.201812261},
  year = {2019},
  month = jul,
  publisher = {Rockefeller University Press},
  volume = {151},
  number = {8},
  pages = {1017--1034},
  author = {Miriam Bell and Tom Bartol and Terrence Sejnowski and Padmini Rangamani},
  title = {Dendritic spine geometry and spine apparatus organization govern the spatiotemporal dynamics of calcium},
  journal = {Journal of General Physiology}
}
@article{Berridge2000,
  doi = {10.1038/35036035},
  url = {https://doi.org/10.1038/35036035},
  year = {2000},
  month = oct,
  publisher = {Springer Science and Business Media {LLC}},
  volume = {1},
  number = {1},
  pages = {11--21},
  author = {Michael J. Berridge and Peter Lipp and Martin D. Bootman},
  title = {The versatility and universality of calcium signalling},
  journal = {Nature Reviews Molecular Cell Biology}
}
@article{Bloodgood2009,
  doi = {10.1371/journal.pbio.1000190},
  url = {https://doi.org/10.1371/journal.pbio.1000190},
  year = {2009},
  month = sep,
  publisher = {Public Library of Science ({PLoS})},
  volume = {7},
  number = {9},
  pages = {e1000190},
  author = {Brenda L. Bloodgood and Andrew J. Giessel and Bernardo L. Sabatini},
  editor = {Charles F. Stevens},
  title = {Biphasic Synaptic Ca Influx Arising from Compartmentalized Electrical Signals in Dendritic Spines},
  journal = {{PLoS} Biology}
}
@article{Breit2018,
  doi = {10.1186/s13408-018-0064-x},
  url = {https://doi.org/10.1186/s13408-018-0064-x},
  year = {2018},
  month = jul,
  publisher = {Springer Science and Business Media {LLC}},
  volume = {8},
  number = {1},
  author = {Markus Breit and Gillian Queisser},
  title = {What Is Required for Neuronal Calcium Waves? A Numerical Parameter Study},
  journal = {The Journal of Mathematical Neuroscience}
}
@article{BreitKessler2018,
  doi = {10.1038/s41598-018-33343-9},
  url = {https://doi.org/10.1038/s41598-018-33343-9},
  year = {2018},
  month = oct,
  publisher = {Springer Science and Business Media {LLC}},
  volume = {8},
  number = {1},
  author = {Markus Breit and Marcus Kessler and Martin Stepniewski and Andreas Vlachos and Gillian Queisser},
  title = {Spine-to-Dendrite Calcium Modeling Discloses Relevance for Precise Positioning of Ryanodine Receptor-Containing Spine Endoplasmic Reticulum},
  journal = {Scientific Reports}
}
@article{Cartailler2018,
  doi = {10.1016/j.neuron.2018.01.034},
  url = {https://doi.org/10.1016/j.neuron.2018.01.034},
  year = {2018},
  month = mar,
  publisher = {Elsevier {BV}},
  volume = {97},
  number = {5},
  pages = {1126--1136.e10},
  author = {Jerome Cartailler and Taekyung Kwon and Rafael Yuste and David Holcman},
  title = {Deconvolution of Voltage Sensor Time Series and Electro-diffusion Modeling Reveal the Role of Spine Geometry in Controlling Synaptic Strength},
  journal = {Neuron}
}
@article{Deller2003,
  doi = {10.1073/pnas.1832384100},
  url = {https://doi.org/10.1073/pnas.1832384100},
  year = {2003},
  month = aug,
  publisher = {Proceedings of the National Academy of Sciences},
  volume = {100},
  number = {18},
  pages = {10494--10499},
  author = {T. Deller and M. Korte and S. Chabanis and A. Drakew and H. Schwegler and G. G. Stefani and A. Zuniga and K. Schwarz and T. Bonhoeffer and R. Zeller and M. Frotscher and P. Mundel},
  title = {Synaptopodin-deficient mice lack a spine apparatus and show deficits in synaptic plasticity},
  journal = {Proceedings of the National Academy of Sciences}
}

@article{Demmel1999ASA,
  title={A Supernodal Approach to Sparse Partial Pivoting},
  author={J. Demmel and S. C. Eisenstat and J. Gilbert and X. Li and J. Liu},
  journal={SIAM J. Matrix Anal. Appl.},
  year={1999},
  volume={20},
  pages={720-755}
}

@article{Graupner2005,
  doi = {10.1007/s10867-005-4472-2},
  url = {https://doi.org/10.1007/s10867-005-4472-2},
  year = {2005},
  month = may,
  publisher = {Springer Science and Business Media {LLC}},
  volume = {31},
  number = {2},
  pages = {183--206},
  author = {Michael Graupner and Frido Erler and Michael Meyer-Hermann},
  title = {A Theory of Plasma Membrane Calcium Pump Stimulation and Activity},
  journal = {Journal of Biological Physics}
}
@phdthesis{graupner2003theory,
  title={A theory of plasma membrane calcium pump function and its consequences for presynaptic calcium dynamics},
  author={Graupner, Michael},
  year={2003},
  school={Diploma thesis, Technische Universit{\"a}t Dresden}
}

@article{Higley2008,
  doi = {10.1016/j.neuron.2008.08.020},
  url = {https://doi.org/10.1016/j.neuron.2008.08.020},
  year = {2008},
  month = sep,
  publisher = {Elsevier {BV}},
  volume = {59},
  number = {6},
  pages = {902--913},
  author = {Michael J. Higley and Bernardo L. Sabatini},
  title = {Calcium Signaling in Dendrites and Spines: Practical and Functional Considerations},
  journal = {Neuron}
}

@article{Higley2012,
  doi = {10.1101/cshperspect.a005686},
  url = {https://doi.org/10.1101/cshperspect.a005686},
  year = {2012},
  month = feb,
  publisher = {Cold Spring Harbor Laboratory},
  volume = {4},
  number = {4},
  pages = {a005686--a005686},
  author = {M. J. Higley and B. L. Sabatini},
  title = {Calcium Signaling in Dendritic Spines},
  journal = {Cold Spring Harbor Perspectives in Biology}
}

@article{Holthoff2006,
  doi = {10.1007/s00441-006-0263-8},
  url = {https://doi.org/10.1007/s00441-006-0263-8},
  year = {2006},
  month = jul,
  publisher = {Springer Science and Business Media {LLC}},
  volume = {326},
  number = {2},
  pages = {369--377},
  author = {Knut Holthoff and Yury Kovalchuk and Arthur Konnerth},
  title = {Dendritic spikes and activity-dependent synaptic plasticity},
  journal = {Cell and Tissue Research}
}

@article{Jahr1993,
  doi = {10.1073/pnas.90.24.11573},
  url = {https://doi.org/10.1073/pnas.90.24.11573},
  year = {1993},
  month = dec,
  publisher = {Proceedings of the National Academy of Sciences},
  volume = {90},
  number = {24},
  pages = {11573--11577},
  author = {C. E. Jahr and C. F. Stevens},
  title = {Calcium permeability of the N-methyl-D-aspartate receptor channel in hippocampal neurons in culture.},
  journal = {Proceedings of the National Academy of Sciences}
}
@article{Jahr1990,
  doi = {10.1523/jneurosci.10-09-03178.1990},
  url = {https://doi.org/10.1523/jneurosci.10-09-03178.1990},
  year = {1990},
  month = sep,
  publisher = {Society for Neuroscience},
  volume = {10},
  number = {9},
  pages = {3178--3182},
  author = {CE Jahr and CF Stevens},
  title = {Voltage dependence of {NMDA}-activated macroscopic conductances predicted by single-channel kinetics},
  journal = {The Journal of Neuroscience}
}

@article{Keizer1996,
  doi = {10.1016/s0006-3495(96)79543-7},
  url = {https://doi.org/10.1016/s0006-3495(96)79543-7},
  year = {1996},
  month = dec,
  publisher = {Elsevier {BV}},
  volume = {71},
  number = {6},
  pages = {3477--3487},
  author = {J. Keizer and L. Levine},
  title = {Ryanodine receptor adaptation and Ca2+(-)induced Ca2+ release-dependent Ca2+ oscillations},
  journal = {Biophysical Journal}
}
@article{Korkotian2014,
  doi = {10.1523/jneurosci.0381-14.2014},
  url = {https://doi.org/10.1523/jneurosci.0381-14.2014},
  year = {2014},
  month = aug,
  publisher = {Society for Neuroscience},
  volume = {34},
  number = {35},
  pages = {11641--11651},
  author = {E. Korkotian and M. Frotscher and M. Segal},
  title = {Synaptopodin Regulates Spine Plasticity: Mediation by Calcium Stores},
  journal = {Journal of Neuroscience}
}
@article{Maggio2014,
  doi = {10.1016/j.neuroscience.2014.09.041},
  url = {https://doi.org/10.1016/j.neuroscience.2014.09.041},
  year = {2014},
  month = dec,
  publisher = {Elsevier {BV}},
  volume = {281},
  pages = {135--146},
  author = {N. Maggio and A. Vlachos},
  title = {Synaptic plasticity at the interface of health and disease: New insights on the role of endoplasmic reticulum intracellular calcium stores},
  journal = {Neuroscience}
}
@article{Nimchinsky2004,
  doi = {10.1523/jneurosci.5066-03.2004},
  url = {https://doi.org/10.1523/jneurosci.5066-03.2004},
  year = {2004},
  month = feb,
  publisher = {Society for Neuroscience},
  volume = {24},
  number = {8},
  pages = {2054--2064},
  author = {E. A. Nimchinsky},
  title = {The Number of Glutamate Receptors Opened by Synaptic Stimulation in Single Hippocampal Spines},
  journal = {Journal of Neuroscience}
}
@article{Nishiyama2015,
  doi = {10.1016/j.neuron.2015.05.043},
  url = {https://doi.org/10.1016/j.neuron.2015.05.043},
  year = {2015},
  month = jul,
  publisher = {Elsevier {BV}},
  volume = {87},
  number = {1},
  pages = {63--75},
  author = {Jun Nishiyama and Ryohei Yasuda},
  title = {Biochemical Computation for Spine Structural Plasticity},
  journal = {Neuron}
}
@article {Ofer2021.02.18.431725,
	author = {Ofer, Netanel and Berger, Daniel R. and Kasthuri, Narayanan and Lichtman, Jeff W. and Yuste, Rafael},
	title = {Ultrastructural analysis of dendritic spine necks reveals a continuum of spine morphologies},
	elocation-id = {2021.02.18.431725},
	year = {2021},
	doi = {10.1101/2021.02.18.431725},
	publisher = {Cold Spring Harbor Laboratory},
	abstract = {Dendritic spines are membranous protrusions, with a bulbous head connected to the dendrite by a thin neck, and receive essentially all excitatory inputs in most mammalian neurons. Spines have a wide variety of morphologies that likely have a significant effect on their biochemical and electrical properties. The question of whether spines belong to distinct morphological or functional subtypes or constitute a continuum is still open. To discern this, it is important to measure spine necks objectively. Recent advances in electron microscopy enable automatic reconstructions of 3D spines with nanometer precision. Analyzing ultrastructural reconstructions from mouse neocortical neurons with computer vision algorithms, we demonstrate that the vast majority of spines can be rigorously separated into head and neck components. Analysis of the head and neck morphologies reveals a continuous distribution of parameters. The spine neck diameter, but not the neck length, was correlated with the head volume. Spines with larger head volumes often had a spine apparatus and pairs of spines in a post-synaptic cell contacted by the same axon had similar head volumes. Our data are consistent with a lack of morphological categories of spines and indicate that the morphologies of the spine neck and head are independently regulated. These results have repercussions for our understanding of the function of dendritic spines in neuronal circuits.Competing Interest StatementThe authors have declared no competing interest.},
	URL = {https://www.biorxiv.org/content/early/2021/02/18/2021.02.18.431725},
	eprint = {https://www.biorxiv.org/content/early/2021/02/18/2021.02.18.431725.full.pdf},
	journal = {bioRxiv}
}
@article{Padamsey2018,
  doi = {10.1177/1073858418785334},
  url = {https://doi.org/10.1177/1073858418785334},
  year = {2018},
  month = jul,
  publisher = {{SAGE} Publications},
  volume = {25},
  number = {3},
  pages = {208--226},
  author = {Zahid Padamsey and William J. Foster and Nigel J. Emptage},
  title = {Intracellular Ca2+ Release and Synaptic Plasticity: A Tale of Many Stores},
  journal = {The Neuroscientist}
}
@article{PerezAlvarez2020,
  doi = {10.1038/s41467-020-18889-5},
  url = {https://doi.org/10.1038/s41467-020-18889-5},
  year = {2020},
  month = oct,
  publisher = {Springer Science and Business Media {LLC}},
  volume = {11},
  number = {1},
  author = {Alberto Perez-Alvarez and Shuting Yin and Christian Schulze and John A. Hammer and Wolfgang Wagner and Thomas G. Oertner},
  title = {Endoplasmic reticulum visits highly active spines and prevents runaway potentiation of synapses},
  journal = {Nature Communications}
}
@article{Porter1953,
  doi = {10.1084/jem.97.5.727},
  url = {https://doi.org/10.1084/jem.97.5.727},
  year = {1953},
  month = may,
  publisher = {Rockefeller University Press},
  volume = {97},
  number = {5},
  pages = {727--750},
  author = {Keith R. Porter},
  title = {{OBSERVATIONS} {ON} A {SUBMICROSCOPIC} {BASOPHILIC} {COMPONENT} {OF} {CYTOPLASM}},
  journal = {Journal of Experimental Medicine}
}
@article{PozzoMiller2000,
  doi = {10.1111/j.1469-7793.2000.t01-1-00053.x},
  url = {https://doi.org/10.1111/j.1469-7793.2000.t01-1-00053.x},
  year = {2000},
  month = may,
  publisher = {Wiley},
  volume = {525},
  number = {1},
  pages = {53--61},
  author = {Lucas D. Pozzo-Miller and John A. Connor and S. Brian Andrews},
  title = {Microheterogeneity of calcium signalling in dendrites},
  journal = {The Journal of Physiology}
}

@article{Sabatini2002,
  doi = {10.1016/s0896-6273(02)00573-1},
  url = {https://doi.org/10.1016/s0896-6273(02)00573-1},
  year = {2002},
  month = jan,
  publisher = {Elsevier {BV}},
  volume = {33},
  number = {3},
  pages = {439--452},
  author = {Bernardo L. Sabatini and Thomas G. Oertner and Karel Svoboda},
  title = {The Life Cycle of Ca2+ Ions in Dendritic Spines},
  journal = {Neuron}
}

@article{Sala2014,
  doi = {10.1152/physrev.00012.2013},
  url = {https://doi.org/10.1152/physrev.00012.2013},
  year = {2014},
  month = jan,
  publisher = {American Physiological Society},
  volume = {94},
  number = {1},
  pages = {141--188},
  author = {Carlo Sala and Menahem Segal},
  title = {Dendritic Spines: The Locus of Structural and Functional Plasticity},
  journal = {Physiological Reviews}
}
@article{Saris2000,
  doi = {10.1016/s0009-8981(99)00258-2},
  url = {https://doi.org/10.1016/s0009-8981(99)00258-2},
  year = {2000},
  month = apr,
  publisher = {Elsevier {BV}},
  volume = {294},
  number = {1-2},
  pages = {1--26},
  author = {Nils-Erik L Saris and Eero Mervaala and Heikki Karppanen and Jahangir A Khawaja and Andrzei Lewenstam},
  title = {Magnesium},
  journal = {Clinica Chimica Acta}
}
@article{Schmidt2003,
  doi = {10.1113/jphysiol.2002.035824},
  url = {https://doi.org/10.1113/jphysiol.2002.035824},
  year = {2003},
  month = aug,
  publisher = {Wiley},
  volume = {551},
  number = {1},
  pages = {13--32},
  author = {H. Schmidt and K. M Stiefel and P. Racay and B. Schwaller and J. Eilers},
  title = {Mutational analysis of dendritic Ca2+ kinetics in rodent Purkinje cells: role of parvalbumin and calbindin D28k},
  journal = {The Journal of Physiology}
}

@inproceedings{Shewchuk2002ConstrainedDT,
  title={Constrained Delaunay Tetrahedralizations and Provably Good Boundary Recovery},
  author={J. Shewchuk},
  booktitle={IMR},
  year={2002}
}
@article{Si2015,
  doi = {10.1145/2629697},
  url = {https://doi.org/10.1145/2629697},
  year = {2015},
  month = feb,
  publisher = {Association for Computing Machinery ({ACM})},
  volume = {41},
  number = {2},
  pages = {1--36},
  author = {Hang Si},
  title = {{TetGen},  a Delaunay-Based Quality Tetrahedral Mesh Generator},
  journal = {{ACM} Transactions on Mathematical Software}
}
@article{Stepniewski2019,
  doi = {10.1007/s00791-019-00314-0},
  url = {https://doi.org/10.1007/s00791-019-00314-0},
  year = {2019},
  month = jun,
  publisher = {Springer Science and Business Media {LLC}},
  volume = {20},
  number = {3-6},
  pages = {111--124},
  author = {M. Stepniewski and M. Breit and M. Hoffer and G. Queisser},
  title = {{NeuroBox}: computational mathematics in multiscale neuroscience},
  journal = {Computing and Visualization in Science}
}
@article{Stutzmann2011,
  doi = {10.1124/pr.110.003814},
  url = {https://doi.org/10.1124/pr.110.003814},
  year = {2011},
  month = jul,
  publisher = {American Society for Pharmacology {\&} Experimental Therapeutics ({ASPET})},
  volume = {63},
  number = {3},
  pages = {700--727},
  author = {Grace E. Stutzmann and Mark P. Mattson},
  editor = {David R. Sibley},
  title = {Endoplasmic Reticulum Ca2+ Handling in Excitable Cells in Health and Disease},
  journal = {Pharmacological Reviews}
}
@article{Svoboda1996,
  doi = {10.1126/science.272.5262.716},
  url = {https://doi.org/10.1126/science.272.5262.716},
  year = {1996},
  month = may,
  publisher = {American Association for the Advancement of Science ({AAAS})},
  volume = {272},
  number = {5262},
  pages = {716--719},
  author = {K. Svoboda and D. W. Tank and W. Denk},
  title = {Direct Measurement of Coupling Between Dendritic Spines and Shafts},
  journal = {Science}
}
@article{Tinker1993,
  doi = {10.1093/cvr/27.10.1820},
  url = {https://doi.org/10.1093/cvr/27.10.1820},
  year = {1993},
  month = oct,
  publisher = {Oxford University Press ({OUP})},
  volume = {27},
  number = {10},
  pages = {1820--1825},
  author = {A. Tinker and A. R G Lindsay and A. J Williams},
  title = {Cation conduction in the calcium release channel of the cardiac sarcoplasmic reticulum under physiological and pathophysiological conditions},
  journal = {Cardiovascular Research}
}
@article{Tnnesen2016,
  doi = {10.3389/fpsyt.2016.00101},
  url = {https://doi.org/10.3389/fpsyt.2016.00101},
  year = {2016},
  month = jun,
  publisher = {Frontiers Media {SA}},
  volume = {7},
  author = {Jan T{\o}nnesen and U. Valentin N\"{a}gerl},
  title = {Dendritic Spines as Tunable Regulators of Synaptic Signals},
  journal = {Frontiers in Psychiatry}
}
@book{Ulinski1999,
  doi = {10.1007/978-1-4615-4903-1},
  url = {https://doi.org/10.1007/978-1-4615-4903-1},
  year = {1999},
  publisher = {Springer {US}},
  editor = {Philip S. Ulinski and Edward G. Jones and Alan Peters},
  title = {Cerebral Cortex}
}
@article{vanderVorst1992,
  doi = {10.1137/0913035},
  url = {https://doi.org/10.1137/0913035},
  year = {1992},
  month = mar,
  publisher = {Society for Industrial {\&} Applied Mathematics ({SIAM})},
  volume = {13},
  number = {2},
  pages = {631--644},
  author = {H. A. van der Vorst},
  title = {Bi-{CGSTAB}: A Fast and Smoothly Converging Variant of Bi-{CG} for the Solution of Nonsymmetric Linear Systems},
  journal = {{SIAM} Journal on Scientific and Statistical Computing}
}
@article{Verkhratsky2005,
  doi = {10.1152/physrev.00004.2004},
  url = {https://doi.org/10.1152/physrev.00004.2004},
  year = {2005},
  month = jan,
  publisher = {American Physiological Society},
  volume = {85},
  number = {1},
  pages = {201--279},
  author = {Alexei Verkhratsky},
  title = {Physiology and Pathophysiology of the Calcium Store in the Endoplasmic Reticulum of Neurons},
  journal = {Physiological Reviews}
}

@article{Vlachos2009,
  doi = {10.1523/jneurosci.5528-08.2009},
  url = {https://doi.org/10.1523/jneurosci.5528-08.2009},
  year = {2009},
  month = jan,
  publisher = {Society for Neuroscience},
  volume = {29},
  number = {4},
  pages = {1017--1033},
  author = {A. Vlachos and E. Korkotian and E. Schonfeld and E. Copanaki and T. Deller and M. Segal},
  title = {Synaptopodin Regulates Plasticity of Dendritic Spines in Hippocampal Neurons},
  journal = {Journal of Neuroscience}
}

@article{Vogel2013,
  doi = {10.1007/s00791-014-0232-9},
  url = {https://doi.org/10.1007/s00791-014-0232-9},
  year = {2013},
  month = aug,
  publisher = {Springer Science and Business Media {LLC}},
  volume = {16},
  number = {4},
  pages = {165--179},
  author = {Andreas Vogel and Sebastian Reiter and Martin Rupp and Arne N\"{a}gel and Gabriel Wittum},
  title = {{UG} 4: A novel flexible software system for simulating {PDE} based models on high performance computers},
  journal = {Computing and Visualization in Science}
}
@article{Yap2020,
  doi = {10.7554/elife.62944},
  url = {https://doi.org/10.7554/elife.62944},
  year = {2020},
  month = dec,
  publisher = {{eLife} Sciences Publications,  Ltd},
  volume = {9},
  author = {Kenrick Yap and Alexander Drakew and Dinko Smilovic and Michael Rietsche and Mandy H Paul and Mario Vuksic and Domenico Del Turco and Thomas Deller},
  title = {The actin-modulating protein synaptopodin mediates long-term survival of dendritic spines},
  journal = {{eLife}}
}

@article{Yuste1995,
  doi = {10.1038/375682a0},
  url = {https://doi.org/10.1038/375682a0},
  year = {1995},
  month = jun,
  publisher = {Springer Science and Business Media {LLC}},
  volume = {375},
  number = {6533},
  pages = {682--684},
  author = {Rafael Yuste and Winfried Denk},
  title = {Dendritic spines as basic functional units of neuronal integration},
  journal = {Nature}
}




